@mastersthesis{THESIS,
  author = {Amardeep Kaur},
  title = {Fast and Scalable Subspace Clustering of High Dimensional Data },
  institution = {University of Western Australia},
  date = {2016}
}

@INPROCEEDINGS{ConferencePaper,
  author={Kaur, Amardeep and Datta, Amitava},
  booktitle={2014 IEEE International Conference on Data Mining Workshop},
  title={SUBSCALE: Fast and Scalable Subspace Clustering for High Dimensional Data},
  year={2014},
  volume={},
  number={},
  pages={621-628},
  doi={10.1109/ICDMW.2014.100}}

@article{JournalArticel,
author = {Kaur, Amardeep and Datta, Amitava},
year = {2015},
month = {08},
pages = {17},
title = {A novel algorithm for fast and scalable subspace clustering of high-dimensional data},
volume = {2},
journal = {Journal of Big Data},
doi = {10.1186/s40537-015-0027-y}
}

@INPROCEEDINGS{GPUPaper,
  author={Prinzbach, JÃ¼rgen and Lauer, Tobias and Kiefer, Nicolas},
  booktitle={2021 International Conference on Data Mining Workshops (ICDMW)},
  title={Accelerating Density-Based Subspace Clustering in High-Dimensional Data},
  year={2021},
  volume={},  number={},
  pages={474-481},
  doi={10.1109/ICDMW53433.2021.00064}}

@article{TODS4203-19,
author = {Schubert, Erich and Sander, J\"{o}rg and Ester, Martin and Kriegel, Hans Peter and Xu, Xiaowei},
title = {DBSCAN Revisited, Revisited: Why and How You Should (Still) Use DBSCAN},
year = {2017},
issue_date = {September 2017},
publisher = {Association for Computing Machinery},
address = {New York, NY, USA},
volume = {42},
number = {3},
issn = {0362-5915},
doi = {10.1145/3068335},
journal = {ACM Trans. Database Syst.},
month = {jul},
articleno = {19},
numpages = {21}
}